% Encoding: UTF-8

@misc{GTSanGithub,
  title     = {ThreadSanitizerDeadlockDetecto},
  address = {https://github.com/google/sanitizers/wiki/ThreadSanitizerDeadlockDetector}
}

 @misc{ValgrindWiki, 
 title={Valgrind}, url={https://ru.wikipedia.org/wiki/Valgrind}, journal={Wikipedia}, publisher={Wikimedia Foundation}, year={2020}, month={Jan}}

@book{Deadlock,
  author    = {Bil Lewis and Daniel J. Berg},
  title     = {PThreads Primer},
  publisher   = {SunSoft PressA Prentice Hall Title},
  year      = {1996},
  volume    = {10},
  number    = {4},
  pages     = {110},
  issbn = {0-13-443698-9}
}

@Comment{jabref-meta: databaseType:bibtex;}